<?xml version="1.0" encoding="UTF-8"?><collection><record><leader>06582ntm a2200613 a 4500</leader><controlfield tag="001">006768131</controlfield><controlfield tag="003">MiAaHDL</controlfield><controlfield tag="005">20190719000000.0</controlfield><controlfield tag="006">m        d        </controlfield><controlfield tag="007">cr bn ---auaua</controlfield><controlfield tag="008">090505s1820    xx            00| ||ara d</controlfield><datafield tag="035" ind1=" " ind2=" "><subfield code="a">(MiU)006768131</subfield></datafield><datafield tag="035" ind1=" " ind2=" "><subfield code="a">sdr-miu006768131</subfield></datafield><datafield tag="040" ind1=" " ind2=" "><subfield code="a">MiU</subfield><subfield code="c">MiU</subfield><subfield code="e">amremm</subfield></datafield><datafield tag="043" ind1=" " ind2=" "><subfield code="a">n-us-mi</subfield></datafield><datafield tag="100" ind1="0" ind2=" "><subfield code="6">880-01</subfield><subfield code="a">ʻAbd al-Laṭīf al-Musabbiḥ,</subfield><subfield code="d">-1572 or 1573.</subfield></datafield><datafield tag="240" ind1="1" ind2="0"><subfield code="6">880-02</subfield><subfield code="a">ʻUmdat al-bayān fī maʻrifat farāʼiḍ al-aʻyān</subfield></datafield><datafield tag="245" ind1="1" ind2="0"><subfield code="6">880-03</subfield><subfield code="a">ʻUmdat al-bayān fī farāʼiḍ al-aʻyān,</subfield><subfield code="f">[1235, i.e. 1820].</subfield></datafield><datafield tag="246" ind1="3" ind2="8"><subfield code="a">عمدة البيان في معرفة فرايض الاعيان لابن المسبح</subfield></datafield><datafield tag="260" ind1=" " ind2=" "><subfield code="c">[1820]</subfield></datafield><datafield tag="300" ind1=" " ind2=" "><subfield code="a">130 leaves :</subfield><subfield code="b">paper ;</subfield><subfield code="c">207 x 166 (150 x 86) mm.</subfield></datafield><datafield tag="500" ind1=" " ind2=" "><subfield code="a">Shelfmark: Ann Arbor, University of Michigan, Special Collections Library, Isl. Ms. 501</subfield></datafield><datafield tag="500" ind1=" " ind2=" "><subfield code="a">Origin: As appears in colophon on pp.260-261, copied by Ḥasan [?] ibn al-Ḥājj Muḥammad al-Kattānī [al-Kinānī?] with transcription completed 17 Dhū al-Ḥijjah 1235 [ca. 25 September 1820]. Date composition was completed ("وكان الفراغ من جمعه .") is given as the first part of Jumādá II 985 [August 1577] which conflicts with claims in Kaḥḥālah, etc. for a death date of 980 [1572] for the author.</subfield></datafield><datafield tag="500" ind1=" " ind2=" "><subfield code="a">Accompanying materials: a. Inventory cataloguing slip in hand of Winifred Smeaton Thomas (pp.1-2) -- b. Acquisitions slip from Yahuda (pp.3-4) -- c. Inventory cataloguing slip with transcription of the colophon (pp.5-6) -- d. Inventory cataloguing slip for Isl. Ms. 570 (pp.7-8).</subfield></datafield><datafield tag="500" ind1=" " ind2=" "><subfield code="a">Former shelfmark: From inner front cover and spine label, "IL 253" (likely supplied by Yahuda, see acquisitions slip).</subfield></datafield><datafield tag="500" ind1=" " ind2=" "><subfield code="a">Binding: Pasteboards covered in block-printed paper (red and yellow vegetal guilloché interlace designs over blue) with brown leather over spine, fore edge flap, and edges/turn-ins (framed binding) ; Type II binding (with flap) ; board linings in red-violet wove paper ; sewn in white thread, two stations, gone or broken in many quires ; worked chevron endbands in red and cream, only headband intact ; overall in fair condition with some pest damage, minor abrasion, lifting of paper, etc.</subfield></datafield><datafield tag="500" ind1=" " ind2=" "><subfield code="a">Support: European laid paper with 8 laid lines per cm. (vertical), chain lines spaced 26-28 mm. apart (horizontal), and three crescents watermark (65 mm. long, perpendicular to chains, see p.12, etc.) ; sturdy though crisp, burnished ; some pest damage and minor ink burn.</subfield></datafield><datafield tag="500" ind1=" " ind2=" "><subfield code="a">Decoration: Keywords, headings, and text being commented upon rubricated ; simple red and yellow ruled rectangular piece carries basmalah at opening ; written area of incipit and facing page surrounded by frame of yellow and red rules, elsewhere surrounded by red rule-border.</subfield></datafield><datafield tag="500" ind1=" " ind2=" "><subfield code="a">Script: Maghribī ; elegant hand with slight effect of tilt to the right and characteristic alif of prolongation, sweeping descenders, etc.</subfield></datafield><datafield tag="500" ind1=" " ind2=" "><subfield code="a">Layout: Written in 20 lines per page ; frame-ruled.</subfield></datafield><datafield tag="500" ind1=" " ind2=" "><subfield code="a">Collation: 13 V(130) ; exclusively quinions ; catchwords present ; pagination in pencil, Western numerals, supplied during digitization (includes inserts and mistakenly skips two pages each between pp.123-124 and 179-180).</subfield></datafield><datafield tag="500" ind1=" " ind2=" "><subfield code="a">Colophon: "Authorial," reads " وكان الفراغ من جمعه في اوائل جمادى الاخير عام خمسة وثمانين وتسع مائة والحمد لله ... والصلاة وعلى نبيه المصطفى صلى الله عليه وسلم" ; "Scribal," reads "وكان الفراغ من نسخه يوم الاثنين بعد العصر سبعة عشر خلون من ذي الحجة في عام خمسة وثلاثين ومائتين والف على يد كاتبه ... العبد الفقير الحقير ... حسن ابن الحاج محمد الكتاني [؟] غفر الله له ولوالديه ولمشايخه ... وصلى الله على سيدنا محمد وعلى اله وصحبه وسلم انتهى"</subfield></datafield><datafield tag="500" ind1=" " ind2=" "><subfield code="a">Explicit: "وهو قول ابن نافع وبالله تعالى التوفيق انتهى قد كمل هذا التعليق المبارك على المختصر الرشيد لسيدنا الشيخ الولي الصالح العالي العلامة العارف بالله ابا زيد عبد الرحمن الاخضري ... على يد جامعه ... عبد اللطيف بن محمد المرادي [؟] هو الشهير بابن المسبح ..."</subfield></datafield><datafield tag="500" ind1=" " ind2=" "><subfield code="a">Incipit: "الحمد لله الذي اعلى معالم الاسلام ... وبعد فاني قصدت ... التعليق شرح مختصر الشيخ الفقيه العلامة ولي الله سيد ابي زيد سيد عبد الرحمن الاخضري ... وسميته بعمدة البيان في فرائض الاعيان ..."</subfield></datafield><datafield tag="500" ind1=" " ind2=" "><subfield code="a">Title from opening on p.10.</subfield></datafield><datafield tag="500" ind1=" " ind2=" "><subfield code="a">Ms. codex.</subfield></datafield><datafield tag="510" ind1="4" ind2=" "><subfield code="a">Ḥājjī Khalīfah. Kashf al-ẓunūn,</subfield><subfield code="c">iv 257 [2/1166]</subfield></datafield><datafield tag="510" ind1="4" ind2=" "><subfield code="a">Brockelmann, C. GAL,</subfield><subfield code="c">II 463 ; S II 705</subfield></datafield><datafield tag="520" ind1="8" ind2=" "><subfield code="a">Fine copy of a commentary by ʻAbd al-Laṭīf ibn Muḥammad al-Murādī [al-Mirdāsī?], al-shahīr bi-Ibn al-Musabbiḥ, on Mukhtaṣar fī al-iʻbādāt, a popular elementary treatise on ritual duties according to the Mālikī school by Abū Zayd ʻAbd al-Raḥmān al-Akhḍarī.</subfield></datafield><datafield tag="538" ind1=" " ind2=" "><subfield code="a">Mode of access: Internet.</subfield></datafield><datafield tag="541" ind1=" " ind2=" "><subfield code="a">Acquired in 1926 from the bookseller Isaac Benjamin S.E. Yahuda via purchase transacted on his behalf by Abraham Shalom Yahuda (1877-1951), his younger brother.</subfield></datafield><datafield tag="546" ind1=" " ind2=" "><subfield code="a">Arabic.</subfield></datafield><datafield tag="561" ind1=" " ind2=" "><subfield code="a">Occasional marginal corrections.</subfield></datafield><datafield tag="600" ind1="1" ind2="0"><subfield code="a">Akhḍarī, ʻAbd al-Raḥmān ibn Muḥammad,</subfield><subfield code="d">1512 or 1513-1575 or 1576.</subfield><subfield code="t">Mukhtaṣar fī al-ʻibādāt ʻalá madhhab Mālik.</subfield></datafield><datafield tag="650" ind1=" " ind2="0"><subfield code="a">Manuscripts, Arabic</subfield><subfield code="z">Michigan</subfield><subfield code="z">Ann Arbor.</subfield></datafield><datafield tag="650" ind1=" " ind2="0"><subfield code="a">Muslims</subfield><subfield code="x">Conduct of life</subfield><subfield code="v">Early works to 1800.</subfield></datafield><datafield tag="650" ind1=" " ind2="0"><subfield code="a">Malikites</subfield><subfield code="v">Early works to 1800.</subfield></datafield><datafield tag="650" ind1=" " ind2="0"><subfield code="a">Islamic law</subfield><subfield code="x">Interpretation and construction</subfield><subfield code="v">Early works to 1800.</subfield></datafield><datafield tag="700" ind1="0" ind2=" "><subfield code="6">880-05</subfield><subfield code="a">Ḥasan ibn Muḥammad al-Kattānī,</subfield><subfield code="d">fl. 1820,</subfield><subfield code="e">scribe.</subfield></datafield><datafield tag="773" ind1="0" ind2=" "><subfield code="a">Yahuda Collection.</subfield></datafield><datafield tag="880" ind1="0" ind2=" "><subfield code="6">700-05/</subfield><subfield code="a">حسن بن محمد الكتاني،</subfield><subfield code="e">ناسخ.</subfield></datafield><datafield tag="880" ind1="1" ind2="0"><subfield code="6">245-03/</subfield><subfield code="a">عمدة البيان في فرائض الاعيان,</subfield><subfield code="f">[1235ه، 1820م].</subfield></datafield><datafield tag="880" ind1="1" ind2="0"><subfield code="6">240-02/</subfield><subfield code="a">عمدة البيان في معرفة فرائض الاعيان</subfield></datafield><datafield tag="880" ind1="0" ind2=" "><subfield code="6">100-01/</subfield><subfield code="a">عبد اللطيف المسبح.</subfield></datafield><datafield tag="CID" ind1=" " ind2=" "><subfield code="a">006768131</subfield></datafield><datafield tag="DAT" ind1="0" ind2=" "><subfield code="a">20190719102635.0</subfield><subfield code="b">20190719000000.0</subfield></datafield><datafield tag="DAT" ind1="1" ind2=" "><subfield code="a">20190719090653.0</subfield><subfield code="b">2019-07-19T16:11:20Z</subfield></datafield><datafield tag="DAT" ind1="2" ind2=" "><subfield code="a">2015-10-10T18:00:06Z</subfield></datafield><datafield tag="CAT" ind1=" " ind2=" "><subfield code="a">SDR-MIU</subfield><subfield code="d">EX LIBRIS - ALEPH</subfield><subfield code="l">prepare.pl-004-008</subfield></datafield><datafield tag="FMT" ind1=" " ind2=" "><subfield code="a">BK</subfield></datafield><datafield tag="HOL" ind1=" " ind2=" "><subfield code="0">sdr-miu006768131</subfield><subfield code="a">MiU</subfield><subfield code="b">SDR</subfield><subfield code="c">MIU</subfield><subfield code="p">mdp.39015079125335</subfield><subfield code="s">MIU</subfield><subfield code="1">006768131</subfield></datafield><datafield tag="974" ind1=" " ind2=" "><subfield code="b">MIU</subfield><subfield code="c">MIU</subfield><subfield code="d">20190719</subfield><subfield code="s">lit-dlps-dc</subfield><subfield code="u">mdp.39015079125335</subfield><subfield code="y">1820</subfield><subfield code="r">pd</subfield><subfield code="q">bib</subfield><subfield code="t">non-US bib date1 &lt; 1879</subfield></datafield></record></collection>